@article{CHUNG2009332,
	title = "A survey of Flash Translation Layer",
	journal = "Journal of Systems Architecture",
	volume = "55",
	number = "5",
	pages = "332 - 343",
	year = "2009",
	author = {Tae-Sun Chung and Dong-Joo Park and Sangwon Park and Dong-Ho Lee and Sang-Won Lee and Ha-Joo Song}
}

@inproceedings{lee2015f2fs,
  title={F2FS: A new file system for flash storage},
  author={Lee, Changman and Sim, Dongho and Hwang, Jooyoung and Cho, Sangyeun},
  booktitle={13th USENIX Conference on File and Storage Technologies (FAST 15)},
  pages={273--286},
  year={2015}
}

@inproceedings{gao2018f2fs,
  title={F2FS Aware Mapping Cache Design on Solid State Drives},
  author={Gao, Congming and Di, Yejia and Deng, Aosong and Liu, Duo and Ji, Cheng and Xue, Jason Chun and Shi, Liang},
  booktitle={2018 IEEE 7th Non-Volatile Memory Systems and Applications Symposium (NVMSA)},
  pages={31--36},
  year={2018},
  organization={IEEE}
}


@article{rodeh2008b,
	title={B-trees, shadowing, and clones},
	author={Rodeh, Ohad},
	journal={ACM Transactions on Storage (TOS)},
	volume={3},
	number={4},
	pages={1--27},
	year={2008},
	publisher={ACM New York, NY, USA}
}
@article{mason2007btrfs,
	title={The btrfs filesystem},
	author={Mason, Chris},
	journal={The Orcale cooperation},
	year={2007}
}
@article{rodeh2013btrfs,
	title={BTRFS: The Linux B-tree filesystem},
	author={Rodeh, Ohad and Bacik, Josef and Mason, Chris},
	journal={ACM Transactions on Storage (TOS)},
	volume={9},
	number={3},
	pages={1--32},
	year={2013},
	publisher={ACM New York, NY, USA}
}
@article{heger2009workload,
	title={Workload Dependent Performance Evaluation of the Btrfs and ZFS Filesystems.},
	author={Heger, Dominique A},
	booktitle={Int. CMG Conference},
	year={2009}
}